@emphasized{emphasized/author/list/1,
	author    = {Les Waguespack and Don Gotterbarn and Bo Brinkman and Penny Duquenoy and Pablo Picasso},
}

@emphasized{emphasized/author/list/2,
	author    = {Bo Brinkman},
	note      = {\underline}
}

@emphasized{emphasized/author/list/3,
	author    = {},
	note      = {\textbf}
}

